@book{introtoalg,
    author    = "Thomas H. Cormen and Charles E. Leiserson and Ronald L. Rivest and Clifford Stein",
    title     = "Introduction to Algorithms",
    year      = "2009",
    publisher = "The MIT Press",
    address   = "Cambridge, Massachusetts"
}